@article{backer2020incubation,
  title={{Incubation period of 2019 novel coronavirus (2019-nCoV) infections among travellers from Wuhan, China, 20--28 January 2020}},
  author={Backer, Jantien A and Klinkenberg, Don and Wallinga, Jacco},
  journal={Eurosurveillance},
  volume={25},
  number={5},
  year={2020},
  publisher={European Centre for Disease Prevention and Control}
}


@article{li2020early,
  title={{Early transmission dynamics in Wuhan, China, of novel coronavirus--infected pneumonia}},
  author={Li, Qun and Guan, Xuhua and Wu, Peng and Wang, Xiaoye and Zhou, Lei and Tong, Yeqing and Ren, Ruiqi and Leung, Kathy SM and Lau, Eric HY and Wong, Jessica Y and others},
  journal={New England Journal of Medicine},
  year={2020},
  publisher={Mass Medical Soc}
}
